@book {
    TestDrivenDevelopment,
    author={Beck, K},
    date={2002-11-03},
    title={Test-Driven Development},
    publisher={Addison-Wesley Educational Publishers Inc},
    isbn={9780321146533}
}

@article {
    AlmostAlwaysAuto,
    author={Sutter, H},
    date={2013-08-12},
    title={{GotW \#94 Solution: AAA Style (Almost Always Auto)}},
    journal={Sutter’s Mill},
    url={https://herbsutter.com/2013/08/12/gotw-94-solution-aaa-style-almost-always-auto/}
}

@article{
    CppNotJustObjectOriented,
    author={Stroustrup, Bjarne},
    title={Why C++ is Not Just an Object-Oriented Programming Language},
    year={1995},
    issue_date={Oct 1, 1995},
    publisher={Association for Computing Machinery},
    address={New York, NY, USA},
    volume={6},
    number={4},
    issn={1055-6400},
    url={https://doi.org/10.1145/260111.260207},
    doi={10.1145/260111.260207},
    journal={SIGPLAN OOPS Mess.},
    month=oct,
    pages={1–13},
    numpages={13}
}

@online {
    AdvantagesOfCppModules,
    author={{ModernesCpp}},
    date={2020-05-10},
    title={{C++20: The Advantages of Modules}},
    url={https://www.modernescpp.com/index.php/cpp20-modules}
}

@online {
    BoostAsio,
    author={Kohlhoff, C. M},
    year={2020},
    title={Boost.Asio},
    url={https://www.boost.org/doc/libs/1_75_0/doc/html/boost_asio.html}
}

@online {
    BoostBeast,
    author={Falco, V},
    year={2019},
    title={Boost.Beast},
    url={https://www.boost.org/doc/libs/1_75_0/libs/beast/doc/html/index.html}
}

@online {
    Catch2,
    author={{Catchorg}},
    year={2021},
    title={Catch2},
    url={https://github.com/catchorg/Catch2}
}

@online {
    CMakeReference,
    author={{Kitware, Inc. and Contributors}},
    year={2020},
    title={CMake Reference Documentation},
    url={https://cmake.org/cmake/help/v3.18/}
}

@online {
    CppAuto,
    author={{CppReference}},
    date={2021-01-14},
    title={Placeholder type specifiers (since C++11)},
    url={https://en.cppreference.com/w/cpp/language/auto}
}

@online {
    CppClassDeclaration,
    author={{CppReference}},
    date={2020-08-11},
    title={Class declaration},
    url={https://en.cppreference.com/w/cpp/language/class}
}

@online {
    CppCon,
    author={{YouTube}},
    date={2021-02-03},
    title={CppCon},
    url={https://www.youtube.com/user/CppCon/videos}
}

@online {
    CppConstrainedAlgorithms,
    author={{CppReference}},
    date={2020-08-11},
    title={Constrained algorithms (since C++20)},
    url={https://en.cppreference.com/w/cpp/algorithm/ranges}
}

@online {
    CppConstraints,
    author={{CppReference}},
    date={2021-02-07},
    title={Constraints and concepts (since C++20)},
    url={https://en.cppreference.com/w/cpp/language/constraints}
}

@online {
    CppCopyElision,
    author={{CppReference}},
    date={2020-12-22},
    title={Copy elision},
    url={https://en.cppreference.com/w/cpp/language/copy_elision}
}

@online {
    CppCoreGuidelines,
    author={Stroustrup, B and Sutter, H},
    date={2020-08-03},
    title={{C++ Core Guidelines}},
    url={https://isocpp.github.io/CppCoreGuidelines/CppCoreGuidelines}
}

@online {
    CppCoroutines,
    author={{CppReference}},
    date={2021-01-10},
    title={Coroutines},
    url={https://en.cppreference.com/w/cpp/language/coroutines}
}

@online {
    CppDefaultInitialization,
    author={{CppReference}},
    date={2020-12-30},
    title={Default initialization},
    url={https://en.cppreference.com/w/cpp/language/default_initialization}
}

@online {
    CppFoldExpression,
    author={{CppReference}},
    date={2020-09-21},
    title={fold expression (since C++17)},
    url={https://en.cppreference.com/w/cpp/language/fold}
}

@online {
    CppNodiscard,
    author={{CppReference}},
    date={2020-11-27},
    title={C++ attribute: nodiscard (since C++17)},
    url={https://en.cppreference.com/w/cpp/language/attributes/nodiscard}
}

@online {
    CppMemberFunctions,
    author={{CppReference}},
    date={2020-10-09},
    title={Non-static member functions},
    url={https://en.cppreference.com/w/cpp/language/member_functions}
}

@online {
    CppRAII,
    author={{CppReference}},
    date={2020-02-23},
    title={RAII},
    url={https://en.cppreference.com/w/cpp/language/raii}
}

@online {
    CppRanges,
    author={{CppReference}},
    date={2021-02-10},
    title={Ranges library (C++20)},
    url={https://en.cppreference.com/w/cpp/ranges}
}

@online {
    CppReference,
    author={{CppReference}},
    date={2020-08-11},
    title={{C++ reference}},
    url={https://en.cppreference.com/w/Main_Page}
}

@online {
    CppSFINAE,
    author={{CppReference}},
    date={2020-10-14},
    title={{SFINAE}},
    url={https://en.cppreference.com/w/cpp/language/sfinae}
}

@online {
    CppPImplIdiom,
    author={{CppReference}},
    date={2020-10-02},
    title={{PImpl}},
    url={https://en.cppreference.com/w/cpp/language/pimpl}
}

@online {
    Cpp20InternetClient,
    author={Sundin, B},
    year={2021},
    title={{An HTTP(S) client library for C++20}},
    url={https://github.com/avocadoboi/cpp20-internet-client}
}

@online {
    Cpr,
    author={Nguyen, H},
    year={2017},
    title={{C++ Requests: Curl for People, a spiritual port of Python Requests}},
    url={https://github.com/whoshuu/cpr}
}

@online {
    DeveloperStatistics,
    author={{Jetbrains}},
    year={2020},
    title={{The State of Developer Ecosystem 2020}},
    url={https://www.jetbrains.com/lp/devecosystem-2020/cpp/}
}

@online {
    GccWarnings,
    author={{GCC Contributors}},
    title={Options to Request or Suppress Warnings},
    url={https://gcc.gnu.org/onlinedocs/gcc/Warning-Options.html}
}

@online {
    HaskellSocket,
    author={{The University of Glasgow}},
    title={Network.Socket - Sending and receiving data},
    url={http://hackage.haskell.org/package/network-3.1.2.1/docs/Network-Socket.html#g:22}
}

@online {
    HttpsGlossary,
    author={{MDN contributors}},
    date={2020-12-30},
    title={HTTPS},
    url={https://developer.mozilla.org/en-US/docs/Glossary/https}
}

@online {
    HttpSpec,
    author={{The Internet Society}},
    year={1999},
    title={{Hypertext Transfer Protocol -- HTTP/1.1}},
    url={https://tools.ietf.org/html/rfc2616}
}

@online {
    HttpTransferEncoding,
    author={{MDN contributors}},
    date={2021-01-09},
    title={{Transfer-Encoding}},
    url={https://developer.mozilla.org/en-US/docs/Web/HTTP/Headers/Transfer-Encoding}
}

@online {
    JasonTurnerChannel,
    author={{YouTube}},
    date={2021-03-01},
    title={{C++ Weekly With Jason Turner}},
    url={https://www.youtube.com/user/lefticus1/videos}
}

@online {
    Libcurl,
    author={Stenberg, D},
    year={2020},
    title={{command line tool and library for transferring data with URLs (since 1998)}},
    url={https://curl.se/}
}

@online {
    MattGodboltCorrectByConstruction,
    author={{YouTube}},
    date={2020-07-23},
    title={{Correct by Construction: APIs That Are Easy to Use and Hard to Misuse}},
    url={https://www.youtube.com/watch?v=nLSm3Haxz0I}
}

@online {
    MicrosoftDocs,
    author={{Microsoft}},
    year={2021},
    title={Technical documentation},
    url={https://docs.microsoft.com/en-us/documentation/}
}

@online {
    MicrosoftWinINet,
    author={{Microsoft}},
    date={2018-05-31},
    title={{About WinINet}},
    url={https://docs.microsoft.com/en-us/windows/win32/wininet/about-wininet}
}

@online {
    MicrosoftInitializeSecurityContext,
    author={{Microsoft}},
    date={2019-07-25},
    title={{InitializeSecurityContext (Schannel) function}},
    url={https://docs.microsoft.com/en-us/windows/win32/secauthn/initializesecuritycontext--schannel}
}

@online {
    MicrosoftQueryContextAttributes,
    author={{Microsoft}},
    date={2019-07-25},
    title={{QueryContextAttributes (Schannel) function}},
    url={https://docs.microsoft.com/en-us/windows/win32/secauthn/querycontextattributes--schannel}
}

@online {
    ModernCMakeBook,
    author={Schreiner, H},
    date={2021-02-11},
    title={{An Introduction to Modern CMake}},
    url={https://cliutils.gitlab.io/modern-cmake/}
}

@online {
    OpenSSL,
    author={{OpenSSL Software Foundation}},
    year={2018},
    title={Welcome to OpenSSL!},
    url={https://www.openssl.org/}
}

@online {
    Posix,
    author={{IEEE}},
    year={2018},
    title={The Open Group Base Specifications Issue 7, 2018 edition},
    url={https://pubs.opengroup.org/onlinepubs/9699919799/nframe.html}
}

@online {
    SchannelUsageChromium,
    author={{The Chromium Authors}},
    year={2012},
    title={{ssl\_client\_socket\_win.cc}},
    url={https://github.com/adobe/chromium/blob/master/net/socket/ssl_client_socket_win.cc#L370}
}

@online {
    SchannelUsageMicrosoft,
    author={{Microsoft}},
    year={2018},
    date={2018-05-31},
    title={{Using SSPI with a Windows Sockets Client}},
    url={https://docs.microsoft.com/en-us/windows/win32/secauthn/using-sspi-with-a-windows-sockets-client}
}

@online {
    SchannelUsageLibcurl,
    author={Stenberg, D. and Hoersken, M. and Salisbury, M. and {other contributors}},
    year={2021},
    title={schannel.c},
    url={https://github.com/curl/curl/blob/master/lib/vtls/schannel.c#L125}
}

@online {
    SchannelUsageOdzhanRepo,
    author={Odzhan},
    year={2017},
    title={tls.h},
    url={https://github.com/odzhan/shells/blob/master/s6/tls.h#L60}
}

@online {
    StackOverflow,
    author={{StackOverflow}},
    year={2021},
    title={Home},
    url={https://stackoverflow.com/}
}

@online {
    StaticPolymorphism,
    author={Bondarenko, K},
    date={2019-05-06},
    title={Static Polymorphism in C++},
    url={https://medium.com/@kateolenya/static-polymorphism-in-c-9e1ae27a945b}
}

@online {
    TlsSpec,
    author={{IETF}},
    date={2018-08},
    title={The Transport Layer Security (TLS) Protocol Version 1.3},
    url={https://tools.ietf.org/html/rfc8446}
}

@online {
    UnderstandingCompilation,
    author={Munoz, D},
    title={How C++ Works: Understanding Compilation},
    url={https://www.toptal.com/c-plus-plus/c-plus-plus-understanding-compilation}
}

@online {
    UnevaluatedLambdas,
    author={Dionne, L},
    date={2016-08-01},
    title={Lambdas in unevaluated contexts},
    url={http://www.open-std.org/jtc1/sc22/wg21/docs/papers/2016/p0315r1.pdf}
}
